@article{Green:2022hhj,
    author = "Green, Daniel and others",
    title = "{Snowmass Theory Frontier: Astrophysics and Cosmology}",
    eprint = "2209.06854",
    archivePrefix = "arXiv",
    primaryClass = "hep-ph",
    reportNumber = "FERMILAB-PUB-22-721-T",
    month = "9",
    year = "2022"
}

@article{Snowmass2013CosmicFrontierWorkingGroups1-4:2013wfj,
    author = "Bauer, Daniel and others",
    collaboration = "Snowmass 2013 Cosmic Frontier Working Groups 1\textendash{}4",
    title = "{Dark Matter in the Coming Decade: Complementary Paths to Discovery and Beyond}",
    eprint = "1305.1605",
    archivePrefix = "arXiv",
    primaryClass = "hep-ph",
    reportNumber = "FERMILAB-CONF-13-166-A-AE",
    doi = "10.1016/j.dark.2015.04.001",
    journal = "Phys. Dark Univ.",
    volume = "7-8",
    pages = "16--23",
    year = "2015"
}
%Minimal WIMP case study bib


@inproceedings{RF6report, 
    author = "Gori, Stefania and Williams, Mike and others",
    title = "{Dark Matter Production at Intensity-Frontier Experiments}",
    booktitle = "{2021 Snowmass Summer Study}",
    eprint = "2209.04671",
    archivePrefix = "arXiv",
    primaryClass = "hep-ph",
}

@article{Asadi:2022njl,
    author = "Asadi, Pouya and others",
    title = "{Early-Universe Model Building}",
    eprint = "2203.06680",
    archivePrefix = "arXiv",
    primaryClass = "hep-ph",
    reportNumber = "FERMILAB-CONF-22-158-T",
    month = "3",
    year = "2022"
}

@inproceedings{Batell:2022xau,
    author = "Batell, Brian and others",
    title = "{Dark Sector Studies with Neutrino Beams}",
    booktitle = "{2022 Snowmass Summer Study}",
    eprint = "2207.06898",
    archivePrefix = "arXiv",
    primaryClass = "hep-ph",
    reportNumber = "FERMILAB-FN-1180-ND-T",
    month = "7",
    year = "2022"
}

@inproceedings{Berger:2022cab,
    author = "Berger, J. and others",
    title = "{Snowmass 2021 White Paper: Cosmogenic Dark Matter and Exotic Particle Searches in Neutrino Experiments}",
    booktitle = "{2022 Snowmass Summer Study}",
    eprint = "2207.02882",
    archivePrefix = "arXiv",
    primaryClass = "hep-ph",
    month = "7",
    year = "2022"
}

@article{Shakya:2015xnx,
    author = "Shakya, Bibhushan",
    title = "{Sterile Neutrino Dark Matter from Freeze-In}",
    eprint = "1512.02751",
    archivePrefix = "arXiv",
    primaryClass = "hep-ph",
    reportNumber = "MCTP-15-29",
    doi = "10.1142/S0217732316300056",
    journal = "Mod. Phys. Lett. A",
    volume = "31",
    number = "06",
    pages = "1630005",
    year = "2016"
}


@article{CF1WP5,
	title        = {{Snowmass2021 Cosmic Frontier: The landscape of cosmic-ray and high-energy photon probes of particle dark matter}},
	author       = {Aramaki, Tsuguo and others},
	year         = 2022,
	month        = 3,
	eprint       = {2203.06894},
	archiveprefix = {arXiv},
	primaryclass = {hep-ex}
}

@article{Baumgart:2014vma,
    author = "Baumgart, Matthew and Rothstein, Ira Z. and Vaidya, Varun",
    title = "{Calculating the Annihilation Rate of Weakly Interacting Massive Particles}",
    eprint = "1409.4415",
    archivePrefix = "arXiv",
    primaryClass = "hep-ph",
    doi = "10.1103/PhysRevLett.114.211301",
    journal = "Phys. Rev. Lett.",
    volume = "114",
    pages = "211301",
    year = "2015"
}
@article{Alves:2014yha,
    author = "Alves, Alexandre and Profumo, Stefano and Queiroz, Farinaldo S. and Shepherd, William",
    title = "{Effective field theory approach to the Galactic Center gamma-ray excess}",
    eprint = "1403.5027",
    archivePrefix = "arXiv",
    primaryClass = "hep-ph",
    doi = "10.1103/PhysRevD.90.115003",
    journal = "Phys. Rev. D",
    volume = "90",
    number = "11",
    pages = "115003",
    year = "2014"
}

@article{Berlin:2014tja,
    author = "Berlin, Asher and Hooper, Dan and McDermott, Samuel D.",
    title = "{Simplified Dark Matter Models for the Galactic Center Gamma-Ray Excess}",
    eprint = "1404.0022",
    archivePrefix = "arXiv",
    primaryClass = "hep-ph",
    reportNumber = "FERMILAB-PUB-14-060-A, MCTP-14-07",
    doi = "10.1103/PhysRevD.89.115022",
    journal = "Phys. Rev. D",
    volume = "89",
    number = "11",
    pages = "115022",
    year = "2014"
}

@article{Ovanesyan:2014fwa,
    author = "Ovanesyan, Grigory and Slatyer, Tracy R. and Stewart, Iain W.",
    title = "{Heavy Dark Matter Annihilation from Effective Field Theory}",
    eprint = "1409.8294",
    archivePrefix = "arXiv",
    primaryClass = "hep-ph",
    reportNumber = "ACFI-T14-18, MIT-CTP-4593",
    doi = "10.1103/PhysRevLett.114.211302",
    journal = "Phys. Rev. Lett.",
    volume = "114",
    number = "21",
    pages = "211302",
    year = "2015"
}

@article{Chen:2019gtm,
    author = "Chen, Qing and Hill, Richard J.",
    title = "{Direct detection rate of heavy Higgsino-like and Wino-like dark matter}",
    eprint = "1912.07795",
    archivePrefix = "arXiv",
    primaryClass = "hep-ph",
    reportNumber = "FERMILAB-PUB-19-564-T",
    doi = "10.1016/j.physletb.2020.135364",
    journal = "Phys. Lett. B",
    volume = "804",
    pages = "135364",
    year = "2020"
}

@article{Mahbubani:2020knq,
    author = "Mahbubani, Rakhi and Redi, Michele and Tesi, Andrea",
    title = "{Dark Nucleosynthesis: Cross-sections and Astrophysical Signals}",
    eprint = "2007.07231",
    archivePrefix = "arXiv",
    primaryClass = "hep-ph",
    doi = "10.1088/1475-7516/2021/02/039",
    journal = "JCAP",
    volume = "02",
    pages = "039",
    year = "2021"
}

@article{Mitridate:2017izz,
    author = "Mitridate, Andrea and Redi, Michele and Smirnov, Juri and Strumia, Alessandro",
    title = "{Cosmological Implications of Dark Matter Bound States}",
    eprint = "1702.01141",
    archivePrefix = "arXiv",
    primaryClass = "hep-ph",
    reportNumber = "CERN-TH-2017-030, IFUP-TH-2017",
    doi = "10.1088/1475-7516/2017/05/006",
    journal = "JCAP",
    volume = "05",
    pages = "006",
    year = "2017"
}

@article{Beneke:2019gtg,
    author = "Beneke, Martin and Hasner, Caspar and Urban, Kai and Vollmann, Martin",
    title = "{Precise yield of high-energy photons from Higgsino dark matter annihilation}",
    eprint = "1912.02034",
    archivePrefix = "arXiv",
    primaryClass = "hep-ph",
    reportNumber = "TUM-HEP-1240/19",
    doi = "10.1007/JHEP03(2020)030",
    journal = "JHEP",
    volume = "03",
    pages = "030",
    year = "2020"
}

@article{Baumgart:2018yed,
    author = "Baumgart, Matthew and Cohen, Timothy and Moulin, Emmanuel and Moult, Ian and Rinchiuso, Lucia and Rodd, Nicholas L. and Slatyer, Tracy R. and Stewart, Iain W. and Vaidya, Varun",
    title = "{Precision Photon Spectra for Wino Annihilation}",
    eprint = "1808.08956",
    archivePrefix = "arXiv",
    primaryClass = "hep-ph",
    reportNumber = "LA-UR-18-25972, MIT-CTP 5025",
    doi = "10.1007/JHEP01(2019)036",
    journal = "JHEP",
    volume = "01",
    pages = "036",
    year = "2019"
}

@article{Bauer:2014ula,
    author = "Bauer, Martin and Cohen, Timothy and Hill, Richard J. and Solon, Mikhail P.",
    editor = "Tecchio, Monica and Levin, Daniel",
    title = "{Soft Collinear Effective Theory for Heavy WIMP Annihilation}",
    eprint = "1409.7392",
    archivePrefix = "arXiv",
    primaryClass = "hep-ph",
    reportNumber = "EFI-14-32, FERMILAB-PUB-14-359-T, SLAC-PUB-16094",
    doi = "10.1007/JHEP01(2015)099",
    journal = "JHEP",
    volume = "01",
    pages = "099",
    year = "2015"
}

@article{Hisano:2004ds,
    author = "Hisano, Junji and Matsumoto, Shigeki. and Nojiri, Mihoko M. and Saito, Osamu",
    title = "{Non-perturbative effect on dark matter annihilation and gamma ray signature from galactic center}",
    eprint = "hep-ph/0412403",
    archivePrefix = "arXiv",
    reportNumber = "ICRR-REPORT-513-2004-11, YITP-04-73",
    doi = "10.1103/PhysRevD.71.063528",
    journal = "Phys. Rev. D",
    volume = "71",
    pages = "063528",
    year = "2005"
}

@article{Cuoco:2017iax,
    author = {Cuoco, Alessandro and Heisig, Jan and Korsmeier, Michael and Kr\"amer, Michael},
    title = "{Constraining heavy dark matter with cosmic-ray antiprotons}",
    eprint = "1711.05274",
    archivePrefix = "arXiv",
    primaryClass = "hep-ph",
    reportNumber = "TTK-17-34",
    doi = "10.1088/1475-7516/2018/04/004",
    journal = "JCAP",
    volume = "04",
    pages = "004",
    year = "2018"
}

@article{Feng:2022inv,
    author = "Feng, Jonathan L. and others",
    title = "{The Forward Physics Facility at the High-Luminosity LHC}",
    eprint = "2203.05090",
    archivePrefix = "arXiv",
    primaryClass = "hep-ex",
    reportNumber = "UCI-TR-2022-01, CERN-PBC-Notes-2022-001, INT-PUB-22-006, BONN-TH-2022-04, FERMILAB-PUB-22-094-ND-SCD-T",
    month = "3",
    year = "2022"
}
@article{Anchordoqui:2021ghd,
    author = "Anchordoqui, Luis A. and others",
    title = "{The Forward Physics Facility: Sites, Experiments, and Physics Potential}",
    eprint = "2109.10905",
    archivePrefix = "arXiv",
    primaryClass = "hep-ph",
    reportNumber = "BNL-222142-2021-FORE, CERN-PBC-Notes-2021-025, DESY-21-142, KYUSHU-RCAPP-2021-01, LU TP 21-36,
  PITT-PACC-2118, SMU-HEP-21-10, UCI-TR-2021-22, FERMILAB-CONF-21-452-AE-E-ND-PPD-T",
    month = "9",
    year = "2021"
}
@article{Batell:2021blf,
    author = "Batell, Brian and Feng, Jonathan L. and Trojanowski, Sebastian",
    title = "{Detecting Dark Matter with Far-Forward Emulsion and Liquid Argon Detectors at the LHC}",
    eprint = "2101.10338",
    archivePrefix = "arXiv",
    primaryClass = "hep-ph",
    reportNumber = "PITT-PACC-2101, UCI-TR-2021-01",
    doi = "10.1103/PhysRevD.103.075023",
    journal = "Phys. Rev. D",
    volume = "103",
    number = "7",
    pages = "075023",
    year = "2021"
}


@article{Coloma:2022dng,
    author = "Coloma, Pilar and Koerner, Lisa W. and Shoemaker, Ian M. and Yu, Jaehoon",
    title = "{Neutrino Frontier Topical Group Report (NF03): Physics Beyond the Standard Model}",
    eprint = "2209.10362",
    archivePrefix = "arXiv",
    primaryClass = "hep-ph",
    month = "9",
    year = "2022"
}

@article{Chen:2018uqz,
    author = "Chen, Chien-Yi and Hill, Richard J. and Solon, Mikhail P. and Wijangco, Alexander M.",
    title = "{Power Corrections to the Universal Heavy WIMP-Nucleon Cross Section}",
    eprint = "1801.08551",
    archivePrefix = "arXiv",
    primaryClass = "hep-ph",
    reportNumber = "CAL-TH-2017-063, FERMILAB-PUB-17-400-T",
    doi = "10.1016/j.physletb.2018.04.021",
    journal = "Phys. Lett. B",
    volume = "781",
    pages = "473--479",
    year = "2018"
}

@article{Rinchiuso:2018ajn,
    author = "Rinchiuso, Lucia and Rodd, Nicholas L. and Moult, Ian and Moulin, Emmanuel and Baumgart, Matthew and Cohen, Timothy and Slatyer, Tracy R. and Stewart, Iain W. and Vaidya, Varun",
    title = "{Hunting for Heavy Winos in the Galactic Center}",
    eprint = "1808.04388",
    archivePrefix = "arXiv",
    primaryClass = "astro-ph.HE",
    reportNumber = "IRFU-18-18, MIT-CTP 5041, LA-UR-18-28196",
    doi = "10.1103/PhysRevD.98.123014",
    journal = "Phys. Rev. D",
    volume = "98",
    number = "12",
    pages = "123014",
    year = "2018"
}

@article{Bottaro:2021snn,
	archiveprefix = {arXiv},
	author = {Bottaro, Salvatore and Buttazzo, Dario and Costa, Marco and Franceschini, Roberto and Panci, Paolo and Redigolo, Diego and Vittorio, Ludovico},
	date-added = {2022-05-30 17:57:55 -0400},
	date-modified = {2022-05-30 17:57:55 -0400},
	doi = {10.1140/epjc/s10052-021-09917-9},
	eprint = {2107.09688},
	journal = {Eur. Phys. J. C},
	number = {1},
	pages = {31},
	primaryclass = {hep-ph},
	title = {{Closing the window on WIMP Dark Matter}},
	volume = {82},
	year = {2022},
	bdsk-url-1 = {https://doi.org/10.1140/epjc/s10052-021-09917-9}}
	
@article{Bottaro:2022one,
	archiveprefix = {arXiv},
	author = {Bottaro, Salvatore and Buttazzo, Dario and Costa, Marco and Franceschini, Roberto and Panci, Paolo and Redigolo, Diego and Vittorio, Ludovico},
	date-added = {2022-05-30 17:57:55 -0400},
	date-modified = {2022-05-30 17:57:55 -0400},
	eprint = {2205.04486},
	month = {5},
	primaryclass = {hep-ph},
	reportnumber = {CERN-TH-2022-080},
	title = {{The last Complex WIMPs standing}},
	year = {2022}}

@article{Cirelli:2005uq,
	archiveprefix = {arXiv},
	author = {Cirelli, Marco and Fornengo, Nicolao and Strumia, Alessandro},
	date-added = {2022-05-30 17:57:55 -0400},
	date-modified = {2022-05-30 17:57:55 -0400},
	doi = {10.1016/j.nuclphysb.2006.07.012},
	eprint = {hep-ph/0512090},
	journal = {Nucl. Phys. B},
	pages = {178--194},
	reportnumber = {DFTT40-2005, IFUP-TH-2005-34},
	title = {{Minimal dark matter}},
	volume = {753},
	year = {2006},
	bdsk-url-1 = {https://doi.org/10.1016/j.nuclphysb.2006.07.012}}
	
@article{HESS:2018kom,
    author = "Abdalla, H. and others",
    collaboration = "HESS",
    title = "{Searches for gamma-ray lines and 'pure WIMP' spectra from Dark Matter annihilations in dwarf galaxies with H.E.S.S}",
    eprint = "1810.00995",
    archivePrefix = "arXiv",
    primaryClass = "astro-ph.HE",
    reportNumber = "DESY 18-157, DESY-18-157, CERN-TH-2018-201",
    doi = "10.1088/1475-7516/2018/11/037",
    journal = "JCAP",
    volume = "11",
    pages = "037",
    year = "2018"
}

@article{Hess:2021cdp,
    author = "Abdalla, Hassan and others",
    collaboration = "Hess, HAWC, VERITAS, MAGIC, H.E.S.S., Fermi-LAT",
    title = "{Combined dark matter searches towards dwarf spheroidal galaxies with Fermi-LAT, HAWC, H.E.S.S., MAGIC, and VERITAS}",
    eprint = "2108.13646",
    archivePrefix = "arXiv",
    primaryClass = "hep-ex",
    doi = "10.22323/1.395.0528",
    journal = "PoS",
    volume = "ICRC2021",
    pages = "528",
    year = "2021"
}

@article{Cirelli:2007xd,
	archiveprefix = {arXiv},
	author = {Cirelli, Marco and Strumia, Alessandro and Tamburini, Matteo},
	date-added = {2022-05-30 17:57:55 -0400},
	date-modified = {2022-05-30 17:57:55 -0400},
	doi = {10.1016/j.nuclphysb.2007.07.023},
	eprint = {0706.4071},
	journal = {Nucl. Phys. B},
	pages = {152--175},
	primaryclass = {hep-ph},
	reportnumber = {IFUP-TH-2007-12, SACLAY-T07-052},
	title = {{Cosmology and Astrophysics of Minimal Dark Matter}},
	volume = {787},
	year = {2007},
	bdsk-url-1 = {https://doi.org/10.1016/j.nuclphysb.2007.07.023}}
	
@article{DiLuzio:2018jwd,
	archiveprefix = {arXiv},
	author = {Di Luzio, Luca and Gr\"ober, Ramona and Panico, Giuliano},
	date-added = {2022-05-30 17:57:55 -0400},
	date-modified = {2022-05-30 17:57:55 -0400},
	doi = {10.1007/JHEP01(2019)011},
	eprint = {1810.10993},
	journal = {JHEP},
	pages = {011},
	primaryclass = {hep-ph},
	reportnumber = {HU-EP-18/30, DESY 18-184, DESY-18-184},
	title = {{Probing new electroweak states via precision measurements at the LHC and future colliders}},
	volume = {01},
	year = {2019},
	bdsk-url-1 = {https://doi.org/10.1007/JHEP01(2019)011}}

@article{Hryczuk:2019nql,
	archiveprefix = {arXiv},
	author = {Hryczuk, Andrzej and Jodlowski, Krzysztof and Moulin, Emmanuel and Rinchiuso, Lucia and Roszkowski, Leszek and Sessolo, Enrico Maria and Trojanowski, Sebastian},
	date-added = {2022-05-30 17:57:55 -0400},
	date-modified = {2022-05-30 17:57:55 -0400},
	doi = {10.1007/JHEP10(2019)043},
	eprint = {1905.00315},
	journal = {JHEP},
	pages = {043},
	primaryclass = {hep-ph},
	title = {{Testing dark matter with Cherenkov light - prospects of H.E.S.S. and CTA for exploring minimal supersymmetry}},
	volume = {10},
	year = {2019},
	bdsk-url-1 = {https://doi.org/10.1007/JHEP10(2019)043}}
	
	
%BSM-mediated WIMP

@article{Abercrombie:2015wmb,
    author = "Abercrombie, Daniel and others",
    editor = "Boveia, Antonio and Doglioni, Caterina and Lowette, Steven and Malik, Sarah and Mrenna, Stephen",
    title = "{Dark Matter benchmark models for early LHC Run-2 Searches: Report of the ATLAS/CMS Dark Matter Forum}",
    eprint = "1507.00966",
    archivePrefix = "arXiv",
    primaryClass = "hep-ex",
    reportNumber = "FERMILAB-PUB-15-282-CD",
    doi = "10.1016/j.dark.2019.100371",
    journal = "Phys. Dark Univ.",
    volume = "27",
    pages = "100371",
    year = "2020"
}

@article{Beacham:2019nyx,
    author = "Beacham, J. and others",
    title = "{Physics Beyond Colliders at CERN: Beyond the Standard Model Working Group Report}",
    eprint = "1901.09966",
    archivePrefix = "arXiv",
    primaryClass = "hep-ex",
    reportNumber = "CERN-PBC-REPORT-2018-007",
    doi = "10.1088/1361-6471/ab4cd2",
    journal = "J. Phys. G",
    volume = "47",
    number = "1",
    pages = "010501",
    year = "2020"
}


@article{Batell:2018fqo,
    author = "Batell, Brian and Freitas, Ayres and Ismail, Ahmed and Mckeen, David",
    title = "{Probing Light Dark Matter with a Hadrophilic Scalar Mediator}",
    eprint = "1812.05103",
    archivePrefix = "arXiv",
    primaryClass = "hep-ph",
    reportNumber = "PITT-PACC-1817",
    doi = "10.1103/PhysRevD.100.095020",
    journal = "Phys. Rev. D",
    volume = "100",
    number = "9",
    pages = "095020",
    year = "2019"
}


@article{Batell:2021xsi,
    author = "Batell, Brian and Freitas, Ayres and Ismail, Ahmed and McKeen, David and Rai, Mudit",
    title = "{Renormalizable models of flavor-specific scalars}",
    eprint = "2107.08059",
    archivePrefix = "arXiv",
    primaryClass = "hep-ph",
    reportNumber = "PITT-PACC-2114",
    doi = "10.1103/PhysRevD.104.115032",
    journal = "Phys. Rev. D",
    volume = "104",
    number = "11",
    pages = "115032",
    year = "2021"
}


@inproceedings{Rizzo:2022qan,
    author = "Rizzo, Thomas G.",
    title = "{Portal Matter and Dark Sector Phenomenology at Colliders}",
    booktitle = "{2022 Snowmass Summer Study}",
    eprint = "2202.02222",
    archivePrefix = "arXiv",
    primaryClass = "hep-ph",
    reportNumber = "SLAC-PUB-17633",
    month = "2",
    year = "2022"
}

@inproceedings{White:2022dsq,
    author = "White, Martin John",
    collaboration = "GAMBIT",
    title = "{Recent dark matter results from the GAMBIT collaboration}",
    booktitle = "{56th Rencontres de Moriond~ on QCD and High Energy Interactions~}",
    eprint = "2205.06431",
    archivePrefix = "arXiv",
    primaryClass = "hep-ph",
    reportNumber = "gambit-proceedings-2022",
    month = "5",
    year = "2022"
}

%extra refs

@article{Coogan:2021sjs,
    author = "Coogan, Adam and Morrison, Logan and Profumo, Stefano",
    title = "{Precision gamma-ray constraints for sub-GeV dark matter models}",
    eprint = "2104.06168",
    archivePrefix = "arXiv",
    primaryClass = "hep-ph",
    doi = "10.1088/1475-7516/2021/08/044",
    journal = "JCAP",
    volume = "08",
    pages = "044",
    year = "2021"
}
@article{BRNreport,
title = {Basic Research Needs for Dark-Matter Small Projects New Initiatives: Report of the Department of Energy’s High Energy Physics Workshop on Dark Matter},
author = {Kolb, Rocky and Weerts, Harry and Toro, Natalia and Van de Water, Richard and Essig, Rouven and McKinsey, Dan and Zurek, Kathryn and Chou, Aaron and Graham, Peter and Estrada, Juan and Incandela, Joe and Tait, Tim},
doi = {10.2172/1659757},
url = {https://www.osti.gov/biblio/1659757},
place = {United States},
year = {2018},
month = {10}
}

@inproceedings{Bechtol:2022koa,
    author = "Bechtol, Keith and others",
    title = "{Snowmass2021 Cosmic Frontier White Paper: Dark Matter Physics from Halo Measurements}",
    booktitle = "{2022 Snowmass Summer Study}",
    eprint = "2203.07354",
    archivePrefix = "arXiv",
    primaryClass = "hep-ph",
    reportNumber = "FERMILAB-CONF-22-155-PPD",
    month = "3",
    year = "2022"
}

@inproceedings{Banerjee:2022qcb,
    author = "Banerjee, Arka and others",
    title = "{Snowmass2021 Cosmic Frontier White Paper: Cosmological Simulations for Dark Matter Physics}",
    booktitle = "{2022 Snowmass Summer Study}",
    eprint = "2203.07049",
    archivePrefix = "arXiv",
    primaryClass = "astro-ph.CO",
    reportNumber = "FERMILAB-CONF-22-152-V",
    month = "3",
    year = "2022"
}

@inproceedings{Berti:2022rwn,
    author = "Berti, Emanuele and others",
    title = "{Dark Matter In Extreme Astrophysical Environments}",
    booktitle = "{2022 Snowmass Summer Study}",
    eprint = "2203.07984",
    archivePrefix = "arXiv",
    primaryClass = "hep-ph",
    month = "3",
    year = "2022"
}

@article{Bird:2022wvk,
    author = "Bird, Simeon and others",
    title = "{Snowmass2021 Cosmic Frontier White Paper:Primordial Black Hole Dark Matter}",
    eprint = "2203.08967",
    archivePrefix = "arXiv",
    primaryClass = "hep-ph",
    reportNumber = "FERMILAB-PUB-22-195-PPD",
    month = "3",
    year = "2022"
}

@inproceedings{Chakrabarti:2022cbu,
    author = "Chakrabarti, Sukanya and others",
    title = "{Snowmass2021 Cosmic Frontier White Paper: Observational Facilities to Study Dark Matter}",
    booktitle = "{2022 Snowmass Summer Study}",
    eprint = "2203.06200",
    archivePrefix = "arXiv",
    primaryClass = "astro-ph.CO",
    reportNumber = "FERMILAB-CONF-22-161-PPD",
    month = "3",
    year = "2022"
}

@article{Brito:2022lmd,
    author = "Brito, Richard and Chakrabarti, Sukanya and Clesse, Sebastien and Dvorkin, Cora and Garcia-Bellido, Juan and Meyers, Joel and Ng, Ken K. Y. and Miller, Andrew L. and Shandera, Sarah and Sun, Ling",
    title = "{Snowmass2021 Cosmic Frontier White Paper: Probing dark matter with small-scale astrophysical observations}",
    eprint = "2203.15954",
    archivePrefix = "arXiv",
    primaryClass = "hep-ph",
    month = "3",
    year = "2022"
}
@article{Dolan:2014ska,
    author = "Dolan, Matthew J. and Kahlhoefer, Felix and McCabe, Christopher and Schmidt-Hoberg, Kai",
    title = "{A taste of dark matter: Flavour constraints on pseudoscalar mediators}",
    eprint = "1412.5174",
    archivePrefix = "arXiv",
    primaryClass = "hep-ph",
    reportNumber = "DESY-14-238, SLAC-PUB-16179",
    doi = "10.1007/JHEP03(2015)171",
    journal = "JHEP",
    volume = "03",
    pages = "171",
    year = "2015",
    note = "[Erratum: JHEP 07, 103 (2015)]"
}
@article{Abdullah:2014lla,
    author = "Abdullah, Mohammad and DiFranzo, Anthony and Rajaraman, Arvind and Tait, Tim M. P. and Tanedo, Philip and Wijangco, Alexander M.",
    title = "{Hidden on-shell mediators for the Galactic Center $\gamma$-ray excess}",
    eprint = "1404.6528",
    archivePrefix = "arXiv",
    primaryClass = "hep-ph",
    doi = "10.1103/PhysRevD.90.035004",
    journal = "Phys. Rev. D",
    volume = "90",
    pages = "035004",
    year = "2014"
}
@article{Agrawal:2014una,
    author = "Agrawal, Prateek and Batell, Brian and Hooper, Dan and Lin, Tongyan",
    title = "{Flavored Dark Matter and the Galactic Center Gamma-Ray Excess}",
    eprint = "1404.1373",
    archivePrefix = "arXiv",
    primaryClass = "hep-ph",
    reportNumber = "FERMILAB-PUB-14-069-A-T",
    doi = "10.1103/PhysRevD.90.063512",
    journal = "Phys. Rev. D",
    volume = "90",
    number = "6",
    pages = "063512",
    year = "2014"
}

%Sterile neutrino

@article{Roach:2022lgo,
    author = "Roach, Brandon M. and Rossland, Steven and Ng, Kenny C. Y. and Perez, Kerstin and Beacom, John F. and Grefenstette, Brian W. and Horiuchi, Shunsaku and Krivonos, Roman and Wik, Daniel R.",
    title = "{Long-Exposure NuSTAR Constraints on Decaying Dark Matter in the Galactic Halo}",
    eprint = "2207.04572",
    archivePrefix = "arXiv",
    primaryClass = "astro-ph.HE",
    month = "7",
    year = "2022"
}

@article{DES:2020fxi,
    author = "Nadler, E. O. and others",
    collaboration = "DES",
    title = "{Milky Way Satellite Census. III. Constraints on Dark Matter Properties from Observations of Milky Way Satellite Galaxies}",
    eprint = "2008.00022",
    archivePrefix = "arXiv",
    primaryClass = "astro-ph.CO",
    reportNumber = "FERMILAB-PUB-20-277-AE, SLAC-PUB-17554, DES-2020-546",
    doi = "10.1103/PhysRevLett.126.091101",
    journal = "Phys. Rev. Lett.",
    volume = "126",
    pages = "091101",
    year = "2021"
}

@article{Merle:2017jfn,
    author = "Merle, Alexander",
    title = "{keV sterile neutrino Dark Matter}",
    eprint = "1702.08430",
    archivePrefix = "arXiv",
    primaryClass = "hep-ph",
    doi = "10.22323/1.283.0082",
    journal = "PoS",
    volume = "NOW2016",
    pages = "082",
    year = "2017"
}

@article{Schneider:2016uqi,
    author = "Schneider, Aurel",
    title = "{Astrophysical constraints on resonantly produced sterile neutrino dark matter}",
    eprint = "1601.07553",
    archivePrefix = "arXiv",
    primaryClass = "astro-ph.CO",
    doi = "10.1088/1475-7516/2016/04/059",
    journal = "JCAP",
    volume = "04",
    pages = "059",
    year = "2016"
}

@article{Asaka:2005an,
    author = "Asaka, Takehiko and Blanchet, Steve and Shaposhnikov, Mikhail",
    title = "{The nuMSM, dark matter and neutrino masses}",
    eprint = "hep-ph/0503065",
    archivePrefix = "arXiv",
    doi = "10.1016/j.physletb.2005.09.070",
    journal = "Phys. Lett. B",
    volume = "631",
    pages = "151--156",
    year = "2005"
}

@article{Valluri:2022nrh,
    author = "Valluri, Monica and others",
    title = "{Snowmass2021 Cosmic Frontier White Paper: Prospects for obtaining Dark Matter Constraints with DESI}",
    eprint = "2203.07491",
    archivePrefix = "arXiv",
    primaryClass = "astro-ph.CO",
    month = "3",
    year = "2022"
}

@article{Mao:2022fyx,
    author = "Mao, Yao-Yuan and others",
    title = "{Snowmass2021: Vera C. Rubin Observatory as a Flagship Dark Matter Experiment}",
    eprint = "2203.07252",
    archivePrefix = "arXiv",
    primaryClass = "hep-ex",
    reportNumber = "FERMILAB-CONF-22-153-PPD",
    month = "3",
    year = "2022"
}

@inproceedings{Dvorkin:2022bsc,
    author = "Dvorkin, Cora and others",
    title = "{Dark Matter Physics from the CMB-S4 Experiment}",
    booktitle = "{2022 Snowmass Summer Study}",
    eprint = "2203.07064",
    archivePrefix = "arXiv",
    primaryClass = "hep-ph",
    month = "3",
    year = "2022"
}

@inproceedings{Schlegel:2022vrv,
    author = "Schlegel, David J. and others",
    title = "{The MegaMapper: A Stage-5 Spectroscopic Instrument Concept for the Study of Inflation and Dark Energy}",
    booktitle = "{2022 Snowmass Summer Study}",
    eprint = "2209.04322",
    archivePrefix = "arXiv",
    primaryClass = "astro-ph.IM",
    reportNumber = "FERMILAB-FN-1195-SCD",
    month = "9",
    year = "2022"
}

@article{Abazajian:2022ofy,
    author = "Abazajian, Kevork N. and others",
    title = "{Synergy between cosmological and laboratory searches in neutrino physics: a white paper}",
    eprint = "2203.07377",
    archivePrefix = "arXiv",
    primaryClass = "hep-ph",
    reportNumber = "FERMILAB-PUB-22-207-V",
    month = "3",
    year = "2022"
}

@article{Drlica-Wagner:2022lbd,
    author = "Drlica-Wagner, Alex and others",
    title = "{Report of the Topical Group on Cosmic Probes of Dark Matter for Snowmass 2021}",
    eprint = "2209.08215",
    archivePrefix = "arXiv",
    primaryClass = "hep-ph",
    month = "9",
    year = "2022"
}
@article{Cooley:2022ufh,
    author = "Cooley, Jodi and others",
    title = "{Report of the Topical Group on Particle Dark Matter for Snowmass 2021}",
    eprint = "2209.07426",
    archivePrefix = "arXiv",
    primaryClass = "hep-ph",
    reportNumber = "FERMILAB-PUB-22-718-PPD",
    month = "9",
    year = "2022"
}

@article{Horiuchi:2013noa,
    author = "Horiuchi, Shunsaku and Humphrey, Philip J. and Onorbe, Jose and Abazajian, Kevork N. and Kaplinghat, Manoj and Garrison-Kimmel, Shea",
    title = "{Sterile neutrino dark matter bounds from galaxies of the Local Group}",
    eprint = "1311.0282",
    archivePrefix = "arXiv",
    primaryClass = "astro-ph.CO",
    doi = "10.1103/PhysRevD.89.025017",
    journal = "Phys. Rev. D",
    volume = "89",
    number = "2",
    pages = "025017",
    year = "2014"
}
@article{Boyarsky:2005us,
    author = "Boyarsky, Alexey and Neronov, A. and Ruchayskiy, Oleg and Shaposhnikov, M.",
    title = "{Constraints on sterile neutrino as a dark matter candidate from the diffuse x-ray background}",
    eprint = "astro-ph/0512509",
    archivePrefix = "arXiv",
    doi = "10.1111/j.1365-2966.2006.10458.x",
    journal = "Mon. Not. Roy. Astron. Soc.",
    volume = "370",
    pages = "213--218",
    year = "2006"
}
@article{Abazajian:2006jc,
    author = "Abazajian, Kevork N. and Markevitch, Maxim and Koushiappas, Savvas M. and Hickox, Ryan C.",
    title = "{Limits on the Radiative Decay of Sterile Neutrino Dark Matter from the Unresolved Cosmic and Soft X-ray Backgrounds}",
    eprint = "astro-ph/0611144",
    archivePrefix = "arXiv",
    reportNumber = "UMD-PP-06-057, LA-UR-06-3820",
    doi = "10.1103/PhysRevD.75.063511",
    journal = "Phys. Rev. D",
    volume = "75",
    pages = "063511",
    year = "2007"
}
@article{Neronov:2015kca,
    author = "Neronov, A. and Malyshev, D.",
    title = "{Toward a full test of the $\nu$MSM sterile neutrino dark matter model with Athena}",
    eprint = "1509.02758",
    archivePrefix = "arXiv",
    primaryClass = "astro-ph.HE",
    doi = "10.1103/PhysRevD.93.063518",
    journal = "Phys. Rev. D",
    volume = "93",
    number = "6",
    pages = "063518",
    year = "2016"
}

@article{KATRIN:2018oow,
    author = "Mertens, Susanne and others",
    collaboration = "KATRIN",
    title = "{A novel detector system for KATRIN to search for keV-scale sterile neutrinos}",
    eprint = "1810.06711",
    archivePrefix = "arXiv",
    primaryClass = "physics.ins-det",
    doi = "10.1088/1361-6471/ab12fe",
    journal = "J. Phys. G",
    volume = "46",
    number = "6",
    pages = "065203",
    year = "2019"
}
@article{Malyshev:2014xqa,
    author = "Malyshev, D. and Neronov, A. and Eckert, D.",
    title = "{Constraints on 3.55 keV line emission from stacked observations of dwarf spheroidal galaxies}",
    eprint = "1408.3531",
    archivePrefix = "arXiv",
    primaryClass = "astro-ph.HE",
    doi = "10.1103/PhysRevD.90.103506",
    journal = "Phys. Rev. D",
    volume = "90",
    pages = "103506",
    year = "2014"
}
@article{Sicilian:2020glg,
    author = "Sicilian, Dominic and Cappelluti, Nico and Bulbul, Esra and Civano, Francesca and Moscetti, Massimo and Reynolds, Christopher S.",
    title = "{Probing the Milky Way\textquoteright{}s Dark Matter Halo for the 3.5 keV Line}",
    eprint = "2008.02283",
    archivePrefix = "arXiv",
    primaryClass = "astro-ph.HE",
    doi = "10.3847/1538-4357/abbee9",
    journal = "Astrophys. J.",
    volume = "905",
    number = "2",
    pages = "146",
    year = "2020"
}
@article{Foster:2021ngm,
    author = "Foster, Joshua W. and Kongsore, Marius and Dessert, Christopher and Park, Yujin and Rodd, Nicholas L. and Cranmer, Kyle and Safdi, Benjamin R.",
    title = "{Deep Search for Decaying Dark Matter with XMM-Newton Blank-Sky Observations}",
    eprint = "2102.02207",
    archivePrefix = "arXiv",
    primaryClass = "astro-ph.CO",
    reportNumber = "LCTP-21-05",
    doi = "10.1103/PhysRevLett.127.051101",
    journal = "Phys. Rev. Lett.",
    volume = "127",
    number = "5",
    pages = "051101",
    year = "2021"
}
@article{Boyarsky:2006zi,
    author = "Boyarsky, Alexey and Neronov, A. and Ruchayskiy, Oleg and Shaposhnikov, Mikhail",
    title = "{Restrictions on parameters of sterile neutrino dark matter from observations of galaxy clusters}",
    eprint = "astro-ph/0603368",
    archivePrefix = "arXiv",
    doi = "10.1103/PhysRevD.74.103506",
    journal = "Phys. Rev. D",
    volume = "74",
    pages = "103506",
    year = "2006"
}
@article{Roach:2019ctw,
    author = "Roach, Brandon M. and Ng, Kenny C. Y. and Perez, Kerstin and Beacom, John F. and Horiuchi, Shunsaku and Krivonos, Roman and Wik, Daniel R.",
    title = "{NuSTAR Tests of Sterile-Neutrino Dark Matter: New Galactic Bulge Observations and Combined Impact}",
    eprint = "1908.09037",
    archivePrefix = "arXiv",
    primaryClass = "astro-ph.HE",
    doi = "10.1103/PhysRevD.101.103011",
    journal = "Phys. Rev. D",
    volume = "101",
    number = "10",
    pages = "103011",
    year = "2020"
}
@article{Ando:2021fhj,
    author = "Ando, Shin'ichiro and others",
    title = "{Decaying dark matter in dwarf spheroidal galaxies: Prospects for x-ray and gamma-ray telescopes}",
    eprint = "2103.13242",
    archivePrefix = "arXiv",
    primaryClass = "astro-ph.HE",
    doi = "10.1103/PhysRevD.104.023022",
    journal = "Phys. Rev. D",
    volume = "104",
    number = "2",
    pages = "023022",
    year = "2021"
}
@article{Zhong:2020wre,
    author = "Zhong, Dawei and Valli, Mauro and Abazajian, Kevork N.",
    title = "{Near to long-term forecasts in x-ray and gamma-ray bands: Are we entering the era of dark matter astronomy?}",
    eprint = "2003.00148",
    archivePrefix = "arXiv",
    primaryClass = "astro-ph.HE",
    reportNumber = "UCI-TR-2020-03",
    doi = "10.1103/PhysRevD.102.083008",
    journal = "Phys. Rev. D",
    volume = "102",
    number = "8",
    pages = "083008",
    year = "2020"
}
@article{Malyshev:2020hcc,
    author = "Malyshev, Denys and Thorpe-Morgan, Charles and Santangelo, Andrea and Jochum, Josef and Zhang, Shuang-Nan",
    title = "{$eXTP$ perspectives for the $\nu$MSM sterile neutrino dark matter model}",
    eprint = "2001.07014",
    archivePrefix = "arXiv",
    primaryClass = "astro-ph.HE",
    doi = "10.1103/PhysRevD.101.123009",
    journal = "Phys. Rev. D",
    volume = "101",
    number = "12",
    pages = "123009",
    year = "2020"
}
@article{Martoff:2021vxp,
    author = "Martoff, C. J. and others",
    title = "{HUNTER: precision massive-neutrino search based on a laser cooled atomic source}",
    doi = "10.1088/2058-9565/abdb9b",
    journal = "Quantum Sci. Technol.",
    volume = "6",
    number = "2",
    pages = "024008",
    year = "2021"
}
@article{Bullock:2017xww,
    author = "Bullock, James S. and Boylan-Kolchin, Michael",
    title = "{Small-Scale Challenges to the $\Lambda$CDM Paradigm}",
    eprint = "1707.04256",
    archivePrefix = "arXiv",
    primaryClass = "astro-ph.CO",
    doi = "10.1146/annurev-astro-091916-055313",
    journal = "Ann. Rev. Astron. Astrophys.",
    volume = "55",
    pages = "343--387",
    year = "2017"
}

@article{Yanagida:1980xy,
    author = "Yanagida, Tsutomu",
    title = "{Horizontal Symmetry and Masses of Neutrinos}",
    reportNumber = "TU-80-208",
    doi = "10.1143/PTP.64.1103",
    journal = "Prog. Theor. Phys.",
    volume = "64",
    pages = "1103",
    year = "1980"
}

@article{Kusenko:2010ik,
    author = "Kusenko, Alexander and Takahashi, Fuminobu and Yanagida, Tsutomu T.",
    title = "{Dark Matter from Split Seesaw}",
    eprint = "1006.1731",
    archivePrefix = "arXiv",
    primaryClass = "hep-ph",
    reportNumber = "IPMU-10-0095",
    doi = "10.1016/j.physletb.2010.08.031",
    journal = "Phys. Lett. B",
    volume = "693",
    pages = "144--148",
    year = "2010"
}
@article{Drewes:2016upu,
    author = "Drewes, M. and others",
    title = "{A White Paper on keV Sterile Neutrino Dark Matter}",
    eprint = "1602.04816",
    archivePrefix = "arXiv",
    primaryClass = "hep-ph",
    reportNumber = "FERMILAB-PUB-16-068-T",
    doi = "10.1088/1475-7516/2017/01/025",
    journal = "JCAP",
    volume = "01",
    pages = "025",
    year = "2017"
}
@article{Bertuzzo:2018ftf,
    author = "Bertuzzo, Enrico and Jana, Sudip and Machado, Pedro A. N. and Zukanovich Funchal, Renata",
    title = "{Neutrino Masses and Mixings Dynamically Generated by a Light Dark Sector}",
    eprint = "1808.02500",
    archivePrefix = "arXiv",
    primaryClass = "hep-ph",
    reportNumber = "FERMILAB-PUB-18-381-T, OSU-HEP-18-05",
    doi = "10.1016/j.physletb.2019.02.023",
    journal = "Phys. Lett. B",
    volume = "791",
    pages = "210--214",
    year = "2019"
}

@article{Gelmini:2019wfp,
    author = "Gelmini, Graciela B. and Lu, Philip and Takhistov, Volodymyr",
    title = "{Cosmological Dependence of Non-resonantly Produced Sterile Neutrinos}",
    eprint = "1909.13328",
    archivePrefix = "arXiv",
    primaryClass = "hep-ph",
    doi = "10.1088/1475-7516/2019/12/047",
    journal = "JCAP",
    volume = "12",
    pages = "047",
    year = "2019"
}
@article{Shi:1998km,
    author = "Shi, Xiang-Dong and Fuller, George M.",
    title = "{A New dark matter candidate: Nonthermal sterile neutrinos}",
    eprint = "astro-ph/9810076",
    archivePrefix = "arXiv",
    doi = "10.1103/PhysRevLett.82.2832",
    journal = "Phys. Rev. Lett.",
    volume = "82",
    pages = "2832--2835",
    year = "1999"
}
@article{Dodelson:1993je,
    author = "Dodelson, Scott and Widrow, Lawrence M.",
    title = "{Sterile-neutrinos as dark matter}",
    eprint = "hep-ph/9303287",
    archivePrefix = "arXiv",
    reportNumber = "FERMILAB-PUB-93-057-A",
    doi = "10.1103/PhysRevLett.72.17",
    journal = "Phys. Rev. Lett.",
    volume = "72",
    pages = "17--20",
    year = "1994"
}
@article{DeGouvea:2019wpf,
    author = "De Gouv\^ea, Andr\'e and Sen, Manibrata and Tangarife, Walter and Zhang, Yue",
    title = "{Dodelson-Widrow Mechanism in the Presence of Self-Interacting Neutrinos}",
    eprint = "1910.04901",
    archivePrefix = "arXiv",
    primaryClass = "hep-ph",
    reportNumber = "NUHEP-TH/19-15, FERMILAB-PUB-19-522-T",
    doi = "10.1103/PhysRevLett.124.081802",
    journal = "Phys. Rev. Lett.",
    volume = "124",
    number = "8",
    pages = "081802",
    year = "2020"
}
@article{Kelly:2020pcy,
    author = "Kelly, Kevin J. and Sen, Manibrata and Tangarife, Walter and Zhang, Yue",
    title = "{Origin of sterile neutrino dark matter via secret neutrino interactions with vector bosons}",
    eprint = "2005.03681",
    archivePrefix = "arXiv",
    primaryClass = "hep-ph",
    reportNumber = "FERMILAB-PUB-20-181-T, NUHEP-TH/20-02",
    doi = "10.1103/PhysRevD.101.115031",
    journal = "Phys. Rev. D",
    volume = "101",
    number = "11",
    pages = "115031",
    year = "2020"
}
@article{Kusenko:2004qc,
    author = "Kusenko, Alexander and Pascoli, Silvia and Semikoz, Dmitry",
    title = "{New bounds on MeV sterile neutrinos based on the accelerator and Super-Kamiokande results}",
    eprint = "hep-ph/0405198",
    archivePrefix = "arXiv",
    reportNumber = "UCLA-04-TEP-04",
    doi = "10.1088/1126-6708/2005/11/028",
    journal = "JHEP",
    volume = "11",
    pages = "028",
    year = "2005"
}
@article{MiniBooNE:2018esg,
    author = "Aguilar-Arevalo, A. A. and others",
    collaboration = "MiniBooNE",
    title = "{Significant Excess of ElectronLike Events in the MiniBooNE Short-Baseline Neutrino Experiment}",
    eprint = "1805.12028",
    archivePrefix = "arXiv",
    primaryClass = "hep-ex",
    reportNumber = "LA-UR-18-24586, FERMILAB-PUB-18-219-AD-PPD-ND",
    doi = "10.1103/PhysRevLett.121.221801",
    journal = "Phys. Rev. Lett.",
    volume = "121",
    number = "22",
    pages = "221801",
    year = "2018"
}
@article{DayaBay:2017jkb,
    author = "An, F. P. and others",
    collaboration = "Daya Bay",
    title = "{Evolution of the Reactor Antineutrino Flux and Spectrum at Daya Bay}",
    eprint = "1704.01082",
    archivePrefix = "arXiv",
    primaryClass = "hep-ex",
    doi = "10.1103/PhysRevLett.118.251801",
    journal = "Phys. Rev. Lett.",
    volume = "118",
    number = "25",
    pages = "251801",
    year = "2017"
}
@article{Hayes:2017res,
    author = "Hayes, Anna C. and Jungman, Gerard and McCutchan, E. A. and Sonzogni, Alejandro A. and Garvey, Gerry T. and Wang, Xiaobao",
    title = "{Analysis of the Daya Bay Reactor Antineutrino Flux Changes with Fuel Burnup}",
    eprint = "1707.07728",
    archivePrefix = "arXiv",
    primaryClass = "nucl-th",
    doi = "10.1103/PhysRevLett.120.022503",
    journal = "Phys. Rev. Lett.",
    volume = "120",
    number = "2",
    pages = "022503",
    year = "2018"
}
@article{Blinov:2019gcj,
    author = "Blinov, Nikita and Kelly, Kevin James and Krnjaic, Gordan Z and McDermott, Samuel D",
    title = "{Constraining the Self-Interacting Neutrino Interpretation of the Hubble Tension}",
    eprint = "1905.02727",
    archivePrefix = "arXiv",
    primaryClass = "astro-ph.CO",
    reportNumber = "FERMILAB-PUB-19-175-A-T",
    doi = "10.1103/PhysRevLett.123.191102",
    journal = "Phys. Rev. Lett.",
    volume = "123",
    number = "19",
    pages = "191102",
    year = "2019"
}
@article{Ballett:2018ynz,
    author = "Ballett, Peter and Pascoli, Silvia and Ross-Lonergan, Mark",
    title = "{U(1)' mediated decays of heavy sterile neutrinos in MiniBooNE}",
    eprint = "1808.02915",
    archivePrefix = "arXiv",
    primaryClass = "hep-ph",
    reportNumber = "IPPP/18/70",
    doi = "10.1103/PhysRevD.99.071701",
    journal = "Phys. Rev. D",
    volume = "99",
    pages = "071701",
    year = "2019"
}
@article{Sakstein:2019fmf,
    author = "Sakstein, Jeremy and Trodden, Mark",
    title = "{Early Dark Energy from Massive Neutrinos as a Natural Resolution of the Hubble Tension}",
    eprint = "1911.11760",
    archivePrefix = "arXiv",
    primaryClass = "astro-ph.CO",
    doi = "10.1103/PhysRevLett.124.161301",
    journal = "Phys. Rev. Lett.",
    volume = "124",
    number = "16",
    pages = "161301",
    year = "2020"
}
@article{Abdullahi:2020nyr,
    author = "Abdullahi, Asli and Hostert, Matheus and Pascoli, Silvia",
    title = "{A dark seesaw solution to low energy anomalies: MiniBooNE, the muon (g-2), and BaBar}",
    eprint = "2007.11813",
    archivePrefix = "arXiv",
    primaryClass = "hep-ph",
    reportNumber = "FTPI-MINN-20-25, IPPP/20/32, FTPI-MINN-20-25,IPPP/20/32",
    doi = "10.1016/j.physletb.2021.136531",
    journal = "Phys. Lett. B",
    volume = "820",
    pages = "136531",
    year = "2021"
}

@article{Kumar:2019wfs,
    author = "Kumar, Suresh and Nunes, Rafael C. and Yadav, Santosh Kumar",
    title = "{Dark sector interaction: a remedy of the tensions between CMB and LSS data}",
    eprint = "1903.04865",
    archivePrefix = "arXiv",
    primaryClass = "astro-ph.CO",
    doi = "10.1140/epjc/s10052-019-7087-7",
    journal = "Eur. Phys. J. C",
    volume = "79",
    number = "7",
    pages = "576",
    year = "2019"
}
@article{Gelmini:2019deq,
    author = "Gelmini, Graciela B. and Kusenko, Alexander and Takhistov, Volodymyr",
    title = "{Possible Hints of Sterile Neutrinos in Recent Measurements of the Hubble Parameter}",
    eprint = "1906.10136",
    archivePrefix = "arXiv",
    primaryClass = "astro-ph.CO",
    reportNumber = "IPMU19-0090",
    doi = "10.1088/1475-7516/2021/06/002",
    journal = "JCAP",
    volume = "06",
    pages = "002",
    year = "2021"
}
@article{Kreisch:2019yzn,
    author = "Kreisch, Christina D. and Cyr-Racine, Francis-Yan and Dor\'e, Olivier",
    title = "{Neutrino puzzle: Anomalies, interactions, and cosmological tensions}",
    eprint = "1902.00534",
    archivePrefix = "arXiv",
    primaryClass = "astro-ph.CO",
    doi = "10.1103/PhysRevD.101.123505",
    journal = "Phys. Rev. D",
    volume = "101",
    number = "12",
    pages = "123505",
    year = "2020"
}
@article{Riess:2016jrr,
    author = "Riess, Adam G. and others",
    title = "{A 2.4\% Determination of the Local Value of the Hubble Constant}",
    eprint = "1604.01424",
    archivePrefix = "arXiv",
    primaryClass = "astro-ph.CO",
    doi = "10.3847/0004-637X/826/1/56",
    journal = "Astrophys. J.",
    volume = "826",
    number = "1",
    pages = "56",
    year = "2016"
}
@article{Freedman:2019jwv,
    author = "Freedman, Wendy L. and others",
    title = "{The Carnegie-Chicago Hubble Program. VIII. An Independent Determination of the Hubble Constant Based on the Tip of the Red Giant Branch}",
    eprint = "1907.05922",
    archivePrefix = "arXiv",
    primaryClass = "astro-ph.CO",
    doi = "10.3847/1538-4357/ab2f73",
    month = "7",
    year = "2019"
}
@article{Riess:2019cxk,
    author = "Riess, Adam G. and Casertano, Stefano and Yuan, Wenlong and Macri, Lucas M. and Scolnic, Dan",
    title = "{Large Magellanic Cloud Cepheid Standards Provide a 1\% Foundation for the Determination of the Hubble Constant and Stronger Evidence for Physics beyond $\Lambda$CDM}",
    eprint = "1903.07603",
    archivePrefix = "arXiv",
    primaryClass = "astro-ph.CO",
    doi = "10.3847/1538-4357/ab1422",
    journal = "Astrophys. J.",
    volume = "876",
    number = "1",
    pages = "85",
    year = "2019"
}
@article{Planck:2018vyg,
    author = "Aghanim, N. and others",
    collaboration = "Planck",
    title = "{Planck 2018 results. VI. Cosmological parameters}",
    eprint = "1807.06209",
    archivePrefix = "arXiv",
    primaryClass = "astro-ph.CO",
    doi = "10.1051/0004-6361/201833910",
    journal = "Astron. Astrophys.",
    volume = "641",
    pages = "A6",
    year = "2020",
    note = "[Erratum: Astron.Astrophys. 652, C4 (2021)]"
}
@article{Wong:2019kwg,
    author = "Wong, Kenneth C. and others",
    title = "{H0LiCOW \textendash{} XIII. A 2.4 per cent measurement of H0 from lensed quasars: 5.3\ensuremath{\sigma} tension between early- and late-Universe probes}",
    eprint = "1907.04869",
    archivePrefix = "arXiv",
    primaryClass = "astro-ph.CO",
    doi = "10.1093/mnras/stz3094",
    journal = "Mon. Not. Roy. Astron. Soc.",
    volume = "498",
    number = "1",
    pages = "1420--1439",
    year = "2020"
}
@article{Acero:2022wqg,
    author = "Acero, M. A. and others",
    title = "{White Paper on Light Sterile Neutrino Searches and Related Phenomenology}",
    eprint = "2203.07323",
    archivePrefix = "arXiv",
    primaryClass = "hep-ex",
    reportNumber = "FERMILAB-PUB-22-318-ND-SCD-T",
    month = "3",
    year = "2022"
}

@inproceedings{Energy-Frontier-Report,
    author = "Narain, Meenakshi and others",
    title = "{Report of the Energy Frontier Working Group for Snowmass 2021}",
    booktitle = "{2021 Snowmass Summer Study}",
    month = "9",
    year = "2022"
}

@inproceedings{Underground-Frontier-Report,
    author = "Baudis, Laura and others",
    title = "{Report of the Underground Frontier Working Group for Snowmass 2021}",
    booktitle = "{2021 Snowmass Summer Study}",
    month = "9",
    year = "2022"
}

@inproceedings{IFReport,
    author = "Barbeau, Phil and others",
    title = "{Report of the Instrumentation Frontier Working Group for Snowmass 2021}",
    booktitle = "{2021 Snowmass Summer Study}",
    month = "9",
    year = "2022"
}


@inproceedings{CF1-WG4-Report,
    author = "Kahn, Yonatan and others",
    title = "{Snowmass2021 Cosmic Frontier: Modeling, statistics, simulations, and computing needs for direct dark matter detection}",
    booktitle = "{2021 Snowmass Summer Study}",
    month = "9",
    year = "2022"
}

@inproceedings{SmallExperiments,
    author = "Casper, David and others",
    title = "{Software and Computing for Small HEP Experiments}",
    booktitle = "{2021 Snowmass Summer Study}",
    month = "9",
    year = "2022"
}

@inproceedings{CompF-Report,
    author = "Elvira, V. Daniel and others",
    title = "{The Future of HEP Software and Computing}",
    booktitle = "{2021 Snowmass Summer Study}",
    month = "9",
    year = "2022"
}

@article{HEPSoftwareFoundation:2017ggl,
    author = "Albrecht, Johannes and others",
    collaboration = "HEP Software Foundation",
    title = "{A Roadmap for HEP Software and Computing R\&D for the 2020s}",
    eprint = "1712.06982",
    archivePrefix = "arXiv",
    primaryClass = "physics.comp-ph",
    reportNumber = "HSF-CWP-2017-01, HSF-CWP-2017-001, FERMILAB-PUB-17-607-CD",
    doi = "10.1007/s41781-018-0018-8",
    journal = "Comput. Softw. Big Sci.",
    volume = "3",
    number = "1",
    pages = "7",
    year = "2019"
}


@misc{stewart_graeme_andrew_2020_4009114,
  author       = {Stewart, Graeme Andrew and others},
  title        = {{HL-LHC Computing Review: Common Tools and Community Software, submitted to the Snowmass process}},
  month        = aug,
  year         = 2020,
  publisher    = {Zenodo},
  version      = {v1.1},
  doi          = {10.5281/zenodo.4009114},
  url          = {https://doi.org/10.5281/zenodo.4009114}
}

@inproceedings{AF-Report,
    author = "Gourlay, Steve and others",
    title = "{Accelerator Frontier Report}",
    booktitle = "{2021 Snowmass Summer Study}",
    month = "9",
    year = "2022"
}

@inproceedings{CEF-Report,
    author = "Assamagan, K.A. and others",
    title = "{Community Engagement Frontier Report}",
    booktitle = "{2021 Snowmass Summer Study}",
    month = "9",
    year = "2022"
}

@inproceedings{Bose:2022obr,
    author = "Bose, Tulika and others",
    title = "{Report of the Topical Group on Physics Beyond the Standard Model at Energy Frontier for Snowmass 2021}",
    eprint = "2209.13128",
    archivePrefix = "arXiv",
    primaryClass = "hep-ph",
    month = "9",
    year = "2022"
}

@inproceedings{Boveia:2022jox,
    author = "Boveia, Antonio and others",
    title = "{Summarizing experimental sensitivities of collider experiments to dark matter models and comparison to other experiments}",
    booktitle = "{2022 Snowmass Summer Study}",
    eprint = "2206.03456",
    archivePrefix = "arXiv",
    primaryClass = "hep-ph",
    month = "6",
    year = "2022"
}
@article{LZ:2022ufs,
    author = "Aalbers, J. and others",
    collaboration = "LZ",
    title = "{First Dark Matter Search Results from the LUX-ZEPLIN (LZ) Experiment}",
    eprint = "2207.03764",
    archivePrefix = "arXiv",
    primaryClass = "hep-ex",
    month = "7",
    year = "2022"
}
@article{XENON:2019zpr,
    author = "Aprile, E. and others",
    collaboration = "XENON",
    title = "{Search for Light Dark Matter Interactions Enhanced by the Migdal Effect or Bremsstrahlung in XENON1T}",
    eprint = "1907.12771",
    archivePrefix = "arXiv",
    primaryClass = "hep-ex",
    doi = "10.1103/PhysRevLett.123.241803",
    journal = "Phys. Rev. Lett.",
    volume = "123",
    number = "24",
    pages = "241803",
    year = "2019"
}
@article{XENON:2018voc,
    author = "Aprile, E. and others",
    collaboration = "XENON",
    title = "{Dark Matter Search Results from a One Ton-Year Exposure of XENON1T}",
    eprint = "1805.12562",
    archivePrefix = "arXiv",
    primaryClass = "astro-ph.CO",
    doi = "10.1103/PhysRevLett.121.111302",
    journal = "Phys. Rev. Lett.",
    volume = "121",
    number = "11",
    pages = "111302",
    year = "2018"
}
@article{DarkSide:2018bpj,
    author = "Agnes, P. and others",
    collaboration = "DarkSide",
    title = "{Low-Mass Dark Matter Search with the DarkSide-50 Experiment}",
    eprint = "1802.06994",
    archivePrefix = "arXiv",
    primaryClass = "astro-ph.HE",
    reportNumber = "FERMILAB-PUB-18-048-AE-E-PPD",
    doi = "10.1103/PhysRevLett.121.081307",
    journal = "Phys. Rev. Lett.",
    volume = "121",
    number = "8",
    pages = "081307",
    year = "2018"
}
@article{Strategy:2019vxc,
    author = "Ellis, Richard Keith and others",
    title = "{Physics Briefing Book}: {Input for the European Strategy for Particle Physics Update 2020}",
    eprint = "1910.11775",
    archivePrefix = "arXiv",
    primaryClass = "hep-ex",
    reportNumber = "CERN-ESU-004",
    month = "10",
    year = "2019"
}
@techreport{European:2720131,
      author        = "The European Strategy Group",
      title         = "{Deliberation document on the 2020 Update of the European
                       Strategy for Particle Physics}",
      address       = "Geneva",
      reportNumber  = "CERN-ESU-014",
      year          = "2020",
      url           = "https://cds.cern.ch/record/2720131",
      doi           = "10.17181/ESU2020Deliberation",
}

@article{Gori:2022vri,
    author = "Gori, Stefania and others",
    title = "{Dark Sector Physics at High-Intensity Experiments}",
    eprint = "2209.04671",
    archivePrefix = "arXiv",
    primaryClass = "hep-ph",
    reportNumber = "FERMILAB-PUB-22-672-SCD-T",
    month = "9",
    year = "2022"
}

@inproceedings{Alvarez:2022rbk,
    author = "Alvarez, Marcelo A. and others",
    title = "{Snowmass2021 Computational Frontier White Paper: Cosmological Simulations and Modeling}",
    booktitle = "{2022 Snowmass Summer Study}",
    eprint = "2203.07347",
    archivePrefix = "arXiv",
    primaryClass = "astro-ph.IM",
    reportNumber = "FERMILAB-CONF-22-206-V",
    month = "3",
    year = "2022"
}

@article{Friedrich:2020nze,
    author = "Friedrich, S. and others",
    title = "{Limits on the Existence of sub-MeV Sterile Neutrinos from the Decay of $^7$Be in Superconducting Quantum Sensors}",
    eprint = "2010.09603",
    archivePrefix = "arXiv",
    primaryClass = "nucl-ex",
    doi = "10.1103/PhysRevLett.126.021803",
    journal = "Phys. Rev. Lett.",
    volume = "126",
    number = "2",
    pages = "021803",
    year = "2021"
}

@article{Boveia:2022syt,
    author = "Boveia, Antonio and others",
    title = "{Snowmass 2021 Cross Frontier Report: Dark Matter Complementarity (Extended Version)}",
    eprint = "2210.01770",
    archivePrefix = "arXiv",
    primaryClass = "hep-ph",
    month = "10",
    year = "2022"
}

@article{Gelmini:2019clw,
    author = "Gelmini, Graciela B. and Lu, Philip and Takhistov, Volodymyr",
    title = "{Cosmological Dependence of Resonantly Produced Sterile Neutrinos}",
    eprint = "1911.03398",
    archivePrefix = "arXiv",
    primaryClass = "hep-ph",
    doi = "10.1088/1475-7516/2020/06/008",
    journal = "JCAP",
    volume = "06",
    pages = "008",
    year = "2020"
}
